@book{SS14,
  title     = {Understanding Machine Learning: From Theory to Algorithms},
  author    = {Shai Shalev-Shwartz and Shai Ben-David},
  publisher = {Cambridge University Press},
  year      = {2014},
  url       = {https://doi.org/10.1017/CBO9781107298019},
}

@article{Block62,
  title     = {The perceptron: A model for brain functioning},
  author    = {H. D. Block},  
  journal   = {Reviews of Modern Physics},  
  volume    = {34},
  number    = {1},
  pages     = {123--135},
  year      = {1962},
  url       = {https://doi.org/10.1103/RevModPhys.34.123},
}

@inproceedings{Novikoff62,
  title     = {On Convergence proofs for perceptrons},
  author    = {A. Novikoff},  
  booktitle = {Symposium on Mathematical Theory of Automata},  
  pages     = {615--622},
  year      = {1962},
  url       = {https://cs.uwaterloo.ca/~y328yu/classics/novikoff.pdf},
}